
@article{tononi2008consciousness,
  title={Consciousness as integrated information: a provisional manifesto},
  author={Tononi, Giulio},
  journal={Biological Bulletin},
  year={2008}
}

@inproceedings{bengio2019meta,
  title={A meta-transfer objective for learning to disentangle causal mechanisms},
  author={Bengio, Yoshua and others},
  booktitle={NeurIPS},
  year={2019}
}
