@article{tononi2008consciousness,
  title={Consciousness as Integrated Information: A Provisional Manifesto},
  author={Tononi, Giulio},
  journal={Biological Bulletin},
  year={2008}
}

@inproceedings{bengio2019meta,
  title={A Meta-Transfer Objective for Learning to Disentangle Causal Mechanisms},
  author={Bengio, Yoshua and others},
  booktitle={NeurIPS},
  year={2019}
}

@article{ryan_oates,
  title={Emergent Consciousness in Large Language Models: A Computational Framework},
  author={Oates, Ryan},
  doi={10.5281/zenodo.16319876}
}

@misc{oates2025ecmoe,
  author       = {Oates, Ryan David},
  title        = {Emergent Consciousness Meta-Optimization Equation (ECMOE): $\Psi(x) = \int[\alpha(t) S(x) + (1-\alpha(t)) N(x)] \times \exp(-[\lambda_1 R_{\mathrm{cognitive}} + \lambda_2 R_{\mathrm{efficiency}}]) \times P(H|E,\beta)\,dt$},
  year         = {2025},
  howpublished = {Zenodo},
  doi          = {10.5281/zenodo.16444967},
  url          = {https://doi.org/10.5281/zenodo.16444967},
}
